<?xml version='1.0' encoding='utf-8'?>
<record xmlns="http://www.loc.gov/MARC21/slim" xmlns:xsi="http://www.w3.org/2001/XMLSchema-instance">
  <leader>00000nas^a2200481^a^4500</leader>
  <controlfield tag="001">003266648</controlfield>
  <controlfield tag="005">20101217131412.0</controlfield>
  <controlfield tag="008">980706d18721910miudn^ne^^^^^^0^^^^0eng^d</controlfield>
  <datafield tag="010" ind1=" " ind2=" ">
    <subfield code="a">sn 85033798</subfield>
  </datafield>
  <datafield tag="035" ind1=" " ind2=" ">
    <subfield code="a">(OCoLC)ocm12267844</subfield>
  </datafield>
  <datafield tag="040" ind1=" " ind2=" ">
    <subfield code="a">NPU</subfield>
    <subfield code="c">NPU</subfield>
    <subfield code="d">NPX</subfield>
    <subfield code="d">MHN</subfield>
    <subfield code="d">BEU</subfield>
  </datafield>
  <datafield tag="042" ind1=" " ind2=" ">
    <subfield code="a">lcd</subfield>
  </datafield>
  <datafield tag="245" ind1="0" ind2="0">
    <subfield code="a">Port Huron daily times.</subfield>
  </datafield>
  <datafield tag="246" ind1="1" ind2="3">
    <subfield code="a">Port Huron times</subfield>
  </datafield>
  <datafield tag="246" ind1="1" ind2="3">
    <subfield code="a">Daily times</subfield>
  </datafield>
  <datafield tag="246" ind1="1" ind2=" ">
    <subfield code="a">Port Huron daily times and Saturday evening times</subfield>
  </datafield>
  <datafield tag="260" ind1=" " ind2=" ">
    <subfield code="a">Port Huron, Mich. :</subfield>
    <subfield code="b">Port Huron Times Co.,</subfield>
    <subfield code="c">1872-</subfield>
  </datafield>
  <datafield tag="300" ind1=" " ind2=" ">
    <subfield code="a">v. ;</subfield>
    <subfield code="c">61 cm.</subfield>
  </datafield>
  <datafield tag="310" ind1=" " ind2=" ">
    <subfield code="a">Daily (except Sun.)</subfield>
  </datafield>
  <datafield tag="362" ind1="0" ind2=" ">
    <subfield code="a">Vol. 1, no. 1 (Mar. 23, 1872)-v. 15 (Aug. 13, 1887) ; Aug. 15, 1887-Oct. 31, 1891 ; v. 20, no. 6,352 [i. e., 6063] (Nov. 2, 1891)-v. 22, no. 6,299 (Aug. 13, 1894) ; 23rd yr. (Aug. 14, 1894)-</subfield>
  </datafield>
  <datafield tag="362" ind1="1" ind2=" ">
    <subfield code="a">Ceased with Apr. 2, 1910 issue.</subfield>
    <subfield code="z">Cf. Gregory, W. Amer. newspapers.</subfield>
  </datafield>
  <datafield tag="500" ind1=" " ind2=" ">
    <subfield code="a">Issues called: 2 o'clock and 4 o'clock ed., Aug. 15, 1887-Sept. 20, 1887 ; then issues called: 4 o'clock ed., Sept. 21, 1887-Oct. 31, 1891.</subfield>
  </datafield>
  <datafield tag="500" ind1=" " ind2=" ">
    <subfield code="a">Issue called: Tunnel Opening ed., Sept. 19, 1891.</subfield>
  </datafield>
  <datafield tag="515" ind1=" " ind2=" ">
    <subfield code="a">Internal numbering designation dropped: May 20, 1885.</subfield>
  </datafield>
  <datafield tag="515" ind1=" " ind2=" ">
    <subfield code="a">Internal numbering designation added: 34th yr., no. 155 (Sept 20, 1905).</subfield>
  </datafield>
  <datafield tag="580" ind1=" " ind2=" ">
    <subfield code="a">Weekly eds.: Port Huron weekly times (Port Huron, Mich. : 1869) ; Port Huron times (Port Huron, Mich. : 1872) ; Port Huron weekly times (Port Huron, Mich. : 1878), Apr. 4, 1878-Aug. 4, 1898.</subfield>
  </datafield>
  <datafield tag="580" ind1=" " ind2=" ">
    <subfield code="a">Semiweekly ed.: Port Huron weekly times (Port Huron, Mich. : 1878).</subfield>
  </datafield>
  <datafield tag="580" ind1=" " ind2=" ">
    <subfield code="a">Merged with: Daily herald (Port Huron, Mich.), to form: Port Huron times-herald.</subfield>
  </datafield>
  <datafield tag="651" ind1=" " ind2="0">
    <subfield code="a">Port Huron (Mich.)</subfield>
    <subfield code="v">Newspapers.</subfield>
  </datafield>
  <datafield tag="651" ind1=" " ind2="0">
    <subfield code="a">Saint Clair County (Mich.)</subfield>
    <subfield code="v">Newspapers.</subfield>
  </datafield>
  <datafield tag="690" ind1=" " ind2="0">
    <subfield code="a">Tax-sales</subfield>
    <subfield code="z">Michigan</subfield>
    <subfield code="z">Saint Clair County.</subfield>
  </datafield>
  <datafield tag="690" ind1=" " ind2="4">
    <subfield code="a">Newspapers</subfield>
    <subfield code="y">1871-1880</subfield>
    <subfield code="z">Michigan</subfield>
    <subfield code="z">Port Huron.</subfield>
  </datafield>
  <datafield tag="690" ind1=" " ind2="4">
    <subfield code="a">Newspapers</subfield>
    <subfield code="y">1881-1890</subfield>
    <subfield code="z">Michigan</subfield>
    <subfield code="z">Port Huron.</subfield>
  </datafield>
  <datafield tag="690" ind1=" " ind2="4">
    <subfield code="a">Newspapers</subfield>
    <subfield code="y">1891-1900</subfield>
    <subfield code="z">Michigan</subfield>
    <subfield code="z">Port Huron.</subfield>
  </datafield>
  <datafield tag="690" ind1=" " ind2="4">
    <subfield code="a">Newspapers</subfield>
    <subfield code="y">1901-1910</subfield>
    <subfield code="z">Michigan</subfield>
    <subfield code="z">Port Huron.</subfield>
  </datafield>
  <datafield tag="752" ind1=" " ind2=" ">
    <subfield code="a">United States</subfield>
    <subfield code="b">Michigan</subfield>
    <subfield code="c">Saint Clair</subfield>
    <subfield code="d">Port Huron.</subfield>
  </datafield>
  <datafield tag="775" ind1="1" ind2=" ">
    <subfield code="t">Port Huron weekly times (Port Huron, Mich. : 1869)</subfield>
    <subfield code="w">(DLC)sn 96077475</subfield>
    <subfield code="w">(OCoLC) 36172241</subfield>
  </datafield>
  <datafield tag="775" ind1="1" ind2=" ">
    <subfield code="t">Port Huron times (Port Huron, Mich. : 1872)</subfield>
    <subfield code="w">(DLC)sn 96077476</subfield>
    <subfield code="w">(OCoLC) 36171875</subfield>
  </datafield>
  <datafield tag="775" ind1="1" ind2=" ">
    <subfield code="t">Port Huron weekly times (Port Huron, Mich. : 1878)</subfield>
    <subfield code="w">(DLC)sn 85038673</subfield>
    <subfield code="w">(OCoLC) 12881733</subfield>
  </datafield>
  <datafield tag="775" ind1="1" ind2=" ">
    <subfield code="t">Port Huron twice-a-week times</subfield>
    <subfield code="w">(DLC)sn 96077477</subfield>
    <subfield code="w">(OCoLC) 36172295</subfield>
  </datafield>
  <datafield tag="780" ind1="0" ind2="0">
    <subfield code="t">Port Huron times (Port Huron, Mich. : Tri-weekly ed.)</subfield>
    <subfield code="w">(OCoLC)692197685</subfield>
  </datafield>
  <datafield tag="785" ind1="1" ind2="7">
    <subfield code="t">Daily herald (Port Huron, Mich.)</subfield>
    <subfield code="w">(DLC)sn</subfield>
    <subfield code="w">(OCoLC) 96077480</subfield>
    <subfield code="w">(OCoLC) 36177812</subfield>
  </datafield>
  <datafield tag="785" ind1="1" ind2="7">
    <subfield code="t">Port Huron times-herald</subfield>
    <subfield code="w">(DLC)sn 83016420</subfield>
    <subfield code="w">(OCoLC) 9803143</subfield>
  </datafield>
  <datafield tag="852" ind1="8" ind2=" ">
    <subfield code="a">MiU-H</subfield>
    <subfield code="b">BENT</subfield>
    <subfield code="h">2010219 Aa 2</subfield>
  </datafield>
  <datafield tag="998" ind1=" " ind2=" ">
    <subfield code="c">LAC</subfield>
  </datafield>
  <datafield tag="955" ind1=" " ind2=" ">
    <subfield code="b">BENT</subfield>
    <subfield code="p">B1265390</subfield>
  </datafield>
  <datafield tag="955" ind1=" " ind2=" ">
    <subfield code="b">BENT</subfield>
    <subfield code="p">B1265391</subfield>
  </datafield>
  <datafield tag="955" ind1=" " ind2=" ">
    <subfield code="b">BENT</subfield>
    <subfield code="p">B4476855</subfield>
    <subfield code="z">1875-1910 (scattered)</subfield>
  </datafield>
</record>
